<record><leader>00000cas a22000007a 4500</leader><controlfield tag="001">8184565</controlfield><controlfield tag="008">820223c19769999caudn ne      0   e0chi d</controlfield><controlfield tag="009">1372</controlfield><datafield ind1=" " ind2=" " tag="010"><subfield code="a">sn 83002495 </subfield></datafield><datafield ind1=" " ind2=" " tag="040"><subfield code="a">CLA</subfield><subfield code="b">eng</subfield><subfield code="c">CLA</subfield><subfield code="d">NSD</subfield><subfield code="d">NST</subfield><subfield code="d">NSD</subfield><subfield code="d">OCL</subfield><subfield code="d">DLC</subfield><subfield code="d">CUI</subfield><subfield code="d">OCLCQ</subfield><subfield code="d">OCLCF</subfield><subfield code="d">OCLCO</subfield></datafield><datafield ind1=" " ind2=" " tag="066"><subfield code="c">$1</subfield></datafield><datafield ind1=" " ind2=" " tag="012"><subfield code="j">0</subfield><subfield code="k">1</subfield><subfield code="l">1</subfield><subfield code="m">1</subfield></datafield><datafield ind1=" " ind2=" " tag="019"><subfield code="a">45102842</subfield></datafield><datafield ind1="1" ind2=" " tag="022"><subfield code="a">0740-1108</subfield><subfield code="l">0740-1108</subfield><subfield code="2">1</subfield></datafield><datafield ind1="1" ind2=" " tag="029"><subfield code="a">AU@</subfield><subfield code="b">000015612672</subfield></datafield><datafield ind1="1" ind2=" " tag="029"><subfield code="a">AU@</subfield><subfield code="b">000025812796</subfield></datafield><datafield ind1=" " ind2=" " tag="032"><subfield code="a">683310</subfield><subfield code="b">USPS</subfield></datafield><datafield ind1=" " ind2=" " tag="037"><subfield code="b">Chinese Daily News, 1588 Corporate Center Dr., Monterey Park, CA 91754-7624</subfield></datafield><datafield ind1=" " ind2=" " tag="042"><subfield code="a">nsdp</subfield><subfield code="a">msc</subfield></datafield><datafield ind1=" " ind2=" " tag="043"><subfield code="a">n-us-ca</subfield></datafield><datafield ind1="1" ind2="4" tag="050"><subfield code="a">AN</subfield></datafield><datafield ind1="0" ind2=" " tag="130"><subfield code="6">880-01</subfield><subfield code="a">Shih chieh jih pao (Monterey Park, Calif.)</subfield></datafield><datafield ind1=" " ind2="0" tag="222"><subfield code="a">Shi&#768;ji&#768;e ri&#768;ba&#768;o</subfield><subfield code="b">(Monterey Park, Calif.)</subfield></datafield><datafield ind1="1" ind2="0" tag="245"><subfield code="6">880-02</subfield><subfield code="a">Shi jie ri bao =</subfield><subfield code="b">World journal.</subfield></datafield><datafield ind1="3" ind2="1" tag="246"><subfield code="a">World journal</subfield></datafield><datafield ind1="1" ind2="3" tag="246"><subfield code="a">Chinese daily news</subfield><subfield code="f">&lt;Aug. 24, 1983-&gt;</subfield></datafield><datafield ind1=" " ind2=" " tag="260"><subfield code="6">880-03</subfield><subfield code="a">Monterey Park, CA :</subfield><subfield code="b">Shi jie ri bao she</subfield></datafield><datafield ind1=" " ind2=" " tag="300"><subfield code="a">v. :</subfield><subfield code="b">ill. ;</subfield><subfield code="c">58 cm.</subfield></datafield><datafield ind1=" " ind2=" " tag="310"><subfield code="a">Daily (except legal holidays and Chinese New Year),</subfield><subfield code="b">&lt;Sept. 19, 1991-&gt;</subfield></datafield><datafield ind1=" " ind2=" " tag="321"><subfield code="a">Daily (except for certain holidays and Sunday),</subfield><subfield code="b">&lt;Jan. 22, 1982-&gt;</subfield></datafield><datafield ind1="1" ind2=" " tag="362"><subfield code="a">Began with no. 1 (Feb. 12, 1976).</subfield></datafield><datafield ind1=" " ind2=" " tag="500"><subfield code="a">English title varies: World journal, &lt;Jan. 22, 1982-&gt;; Chinese daily news, &lt;Aug. 24, 1983-&gt;; World journal, &lt;Oct. 17, 1985-&gt;; Chinese daily news, &lt;Sept. 19, 1991-&gt;</subfield></datafield><datafield ind1=" " ind2=" " tag="588"><subfield code="a">Description based on: No. 1327 (Jan. 22, 1982).</subfield></datafield><datafield ind1=" " ind2=" " tag="588"><subfield code="a">Latest issue consulted: No. 7670 (Sept. 19, 1991).</subfield></datafield><datafield ind1=" " ind2="0" tag="650"><subfield code="a">Chinese American newspapers</subfield><subfield code="z">California</subfield><subfield code="z">Monterey Park.</subfield></datafield><datafield ind1=" " ind2="7" tag="650"><subfield code="a">Chinese American newspapers.</subfield><subfield code="2">fast</subfield><subfield code="0">(OCoLC)fst00857746</subfield></datafield><datafield ind1=" " ind2="7" tag="651"><subfield code="a">California</subfield><subfield code="z">Monterey Park.</subfield><subfield code="2">fast</subfield><subfield code="0">(OCoLC)fst01223499</subfield></datafield><datafield ind1=" " ind2=" " tag="752"><subfield code="a">United States</subfield><subfield code="b">California</subfield><subfield code="c">Los Angeles</subfield><subfield code="d">Monterey Park.</subfield></datafield><datafield ind1="0" ind2="1" tag="785"><subfield code="t">Shi jie ri bao (Houston, Tex.)</subfield><subfield code="x">0887-5634</subfield><subfield code="w">(OCoLC)13292339</subfield><subfield code="g">1985</subfield></datafield><datafield ind1="0" ind2=" " tag="880"><subfield code="6">130-01/$1</subfield><subfield code="a">&#19990;&#30028;&#26085;&#22577; (Monterey Park, Calif.)</subfield></datafield><datafield ind1="1" ind2="0" tag="880"><subfield code="6">245-02/$1</subfield><subfield code="a">&#19990;&#30028;&#26085;&#22577; =</subfield><subfield code="b">World journal.</subfield></datafield><datafield ind1=" " ind2=" " tag="880"><subfield code="6">260-03/$1</subfield><subfield code="a">Monterey Park, CA :</subfield><subfield code="b">&#19990;&#30028;&#26085;&#22577;&#31038;</subfield></datafield></record>